@article{Breitmayer202411,
  author        = {Breitmayer, M. and Arnold, L. and Reichert, M.},
  title         = {Permission Analysis for Object-Centric Processes},
  journal       = {Lecture Notes in Business Information Processing},
  year          = {2024},
  volume        = {520 LNBIP},
  pages         = {11-19},
  doi           = {10.1007/978-3-031-61000-4_2},
  note          = {cited By 0},
  url           = {https://www.scopus.com/inward/record.uri?eid=2-s2.0-85195544460&doi=10.1007%2f978-3-031-61000-4_2&partnerID=40&md5=a1d666d547f4b4122e1b2f86e90371c7},
  document_type = {Conference Paper},
  source        = {Scopus}
}

@conference{Dedousis202235,
  author        = {Dedousis, P. and Raptaki, M. and Stergiopoulos, G. and Gritzalis, D.},
  title         = {Towards an Automated Business Process Model Risk Assessment: A Process Mining Approach},
  journal       = {Proceedings of the International Conference on Security and Cryptography},
  year          = {2022},
  volume        = {1},
  pages         = {35-46},
  doi           = {10.5220/0011135600003283},
  note          = {cited By 0},
  url           = {https://www.scopus.com/inward/record.uri?eid=2-s2.0-85178501940&doi=10.5220%2f0011135600003283&partnerID=40&md5=a58a981e92d19e1e466cf20fdc9d3299},
  document_type = {Conference Paper},
  source        = {Scopus}
}

@article{MozafariMehr2022397,
  author        = {Mozafari Mehr, A.S. and M. de Carvalho, R. and van Dongen, B.},
  title         = {An Association Rule Mining-Based Framework for the Discovery of Anomalous Behavioral Patterns},
  journal       = {Lecture Notes in Computer Science (including subseries Lecture Notes in Artificial Intelligence and Lecture Notes in Bioinformatics)},
  year          = {2022},
  volume        = {13725 LNAI},
  pages         = {397-412},
  doi           = {10.1007/978-3-031-22064-7_29},
  note          = {cited By 0},
  url           = {https://www.scopus.com/inward/record.uri?eid=2-s2.0-85144338937&doi=10.1007%2f978-3-031-22064-7_29&partnerID=40&md5=0e4e0b1d24af7adb0b21b008899a9676},
  document_type = {Conference Paper},
  source        = {Scopus}
}

@article{Silalahi20221,
  author        = {Silalahi, S. and Yuhana, U.L. and Ahmad, T. and Studiawan, H.},
  title         = {A Survey on Process Mining for Security},
  journal       = {2022 International Seminar on Application for Technology of Information and Communication: Technology 4.0 for Smart Ecosystem: A New Way of Doing Digital Business, iSemantic 2022},
  year          = {2022},
  pages         = {1-6},
  doi           = {10.1109/iSemantic55962.2022.9920473},
  note          = {cited By 3},
  url           = {https://www.scopus.com/inward/record.uri?eid=2-s2.0-85141528716&doi=10.1109%2fiSemantic55962.2022.9920473&partnerID=40&md5=6df16f9522ea9fc0f4ec198047c8dc5a},
  document_type = {Conference Paper},
  source        = {Scopus}
}

@article{Yunizal20221387,
  author        = {Yunizal, E. and Santoso, J. and Surendro, K.},
  title         = {Asset Identification in Information Security Risk Assessment Using Process Mining},
  journal       = {International Journal on Advanced Science, Engineering and Information Technology},
  year          = {2022},
  volume        = {12},
  number        = {4},
  pages         = {1387-1394},
  doi           = {10.18517/ijaseit.12.4.14865},
  note          = {cited By 1},
  url           = {https://www.scopus.com/inward/record.uri?eid=2-s2.0-85135775953&doi=10.18517%2fijaseit.12.4.14865&partnerID=40&md5=904f73ed86fca511ffaa23be7b4a7b2f},
  document_type = {Article},
  source        = {Scopus}
}

@article{MozafariMehr202182,
  author        = {Mozafari Mehr, A.S. and de Carvalho, R.M. and van Dongen, B.},
  title         = {Detecting Privacy, Data and Control-Flow Deviations in Business Processes},
  journal       = {Lecture Notes in Business Information Processing},
  year          = {2021},
  volume        = {424 LNBIP},
  pages         = {82-91},
  doi           = {10.1007/978-3-030-79108-7_10},
  note          = {cited By 7},
  url           = {https://www.scopus.com/inward/record.uri?eid=2-s2.0-85111401282&doi=10.1007%2f978-3-030-79108-7_10&partnerID=40&md5=ece96b30e9e0300b3c2948ef419e4b5e},
  document_type = {Conference Paper},
  source        = {Scopus}
}

@conference{MacAk2020,
  author        = {MacAk, M. and Vanat, I. and Merjavy, M. and Jevocin, T. and Buhnova, B.},
  title         = {Towards Process Mining Utilization in Insider Threat Detection from Audit Logs},
  journal       = {2020 7th International Conference on Social Network Analysis, Management and Security, SNAMS 2020},
  year          = {2020},
  doi           = {10.1109/SNAMS52053.2020.9336573},
  art_number    = {9336573},
  note          = {cited By 10},
  url           = {https://www.scopus.com/inward/record.uri?eid=2-s2.0-85100882269&doi=10.1109%2fSNAMS52053.2020.9336573&partnerID=40&md5=b21e2866d19107336fe1a42c0a4f9dab},
  document_type = {Conference Paper},
  source        = {Scopus}
}

@article{Sarno2020,
  author        = {Sarno, R. and Sinaga, F. and Sungkono, K.R.},
  title         = {Anomaly detection in business processes using process mining and fuzzy association rule learning},
  journal       = {Journal of Big Data},
  year          = {2020},
  volume        = {7},
  number        = {1},
  doi           = {10.1186/s40537-019-0277-1},
  art_number    = {5},
  note          = {cited By 44},
  url           = {https://www.scopus.com/inward/record.uri?eid=2-s2.0-85077536873&doi=10.1186%2fs40537-019-0277-1&partnerID=40&md5=8100546967d7aae318ad4ecbc50cd33e},
  document_type = {Article},
  source        = {Scopus}
}

@article{Fazzinga2020,
  author        = {Fazzinga, B. and Folino, F. and Furfaro, F. and Pontieri, L.},
  title         = {An ensemble-based approach to the security-oriented classification of low-level log traces},
  journal       = {Expert Systems with Applications},
  year          = {2020},
  volume        = {153},
  doi           = {10.1016/j.eswa.2020.113386},
  art_number    = {113386},
  note          = {cited By 10},
  url           = {https://www.scopus.com/inward/record.uri?eid=2-s2.0-85083000103&doi=10.1016%2fj.eswa.2020.113386&partnerID=40&md5=cb2b27060d46d8f21bdcba2a08769cac},
  document_type = {Article},
  source        = {Scopus}
}

@conference{Zaman20192982,
  author        = {Zaman, R. and Cuzzocrea, A. and Hassani, M.},
  title         = {An Innovative Online Process Mining Framework for Supporting Incremental GDPR Compliance of Business Processes},
  journal       = {Proceedings - 2019 IEEE International Conference on Big Data, Big Data 2019},
  year          = {2019},
  pages         = {2982-2991},
  doi           = {10.1109/BigData47090.2019.9005705},
  art_number    = {9005705},
  note          = {cited By 5},
  url           = {https://www.scopus.com/inward/record.uri?eid=2-s2.0-85081340678&doi=10.1109%2fBigData47090.2019.9005705&partnerID=40&md5=202b44f092a54a6259b9d3a86626e161},
  document_type = {Conference Paper},
  source        = {Scopus}
}

@conference{Mishra2018613,
  author        = {Mishra, V.P. and Dsouza, J. and Elizabeth, L.},
  title         = {Analysis and Comparison of Process Mining Algorithms with Application of Process Mining in Intrusion Detection System},
  journal       = {2018 7th International Conference on Reliability, Infocom Technologies and Optimization: Trends and Future Directions, ICRITO 2018},
  year          = {2018},
  pages         = {613-617},
  doi           = {10.1109/ICRITO.2018.8748748},
  art_number    = {8748748},
  note          = {cited By 16},
  url           = {https://www.scopus.com/inward/record.uri?eid=2-s2.0-85069172217&doi=10.1109%2fICRITO.2018.8748748&partnerID=40&md5=de04386dc73478a1487616ad156e3d64},
  document_type = {Conference Paper},
  source        = {Scopus}
}

@article{Zhu201783,
  author        = {Zhu, T. and Guo, Y. and Ju, A. and Ma, J. and Wang, X.},
  title         = {An insider threat detection method based on business process mining},
  journal       = {International Journal of Business Data Communications and Networking},
  year          = {2017},
  volume        = {13},
  number        = {2},
  pages         = {83-98},
  doi           = {10.4018/ijbdcn.2017070107},
  note          = {cited By 9},
  url           = {https://www.scopus.com/inward/record.uri?eid=2-s2.0-85019124661&doi=10.4018%2fijbdcn.2017070107&partnerID=40&md5=5926cdeb2383ab3879314365e8f211d7},
  document_type = {Article},
  source        = {Scopus}
}

@article{Zahoransky2014360,
  author        = {Zahoransky, R.M. and Koslowski, T. and Accorsi, R.},
  title         = {Toward resilience assessment in business process architectures},
  journal       = {Lecture Notes in Computer Science (including subseries Lecture Notes in Artificial Intelligence and Lecture Notes in Bioinformatics)},
  year          = {2014},
  volume        = {8696 LNCS},
  pages         = {360-370},
  doi           = {10.1007/978-3-319-10557-4_39},
  note          = {cited By 9},
  url           = {https://www.scopus.com/inward/record.uri?eid=2-s2.0-84907319348&doi=10.1007%2f978-3-319-10557-4_39&partnerID=40&md5=497c1c21998efbe710ade481ee69f0d8},
  document_type = {Conference Paper},
  source        = {Scopus}
}

@article{Leitner2014273,
  author        = {Leitner, M. and Rinderle-Ma, S.},
  title         = {A systematic review on security in Process-Aware Information Systems - Constitution, challenges, and future directions},
  journal       = {Information and Software Technology},
  year          = {2014},
  volume        = {56},
  number        = {3},
  pages         = {273-293},
  doi           = {10.1016/j.infsof.2013.12.004},
  note          = {cited By 58},
  okurl         = {https://www.scopus.com/inward/record.uri?eid=2-s2.0-84892614680&doi=10.1016%2fj.infsof.2013.12.004&partnerID=40&md5=ba7bb9deb5c3aa743cd4d376ca4bc7c4},
  document_type = {Review},
  source        = {Scopus}
}

@conference{Accorsi20131462,
  author        = {Accorsi, R. and Stocker, T. and Müller, G.},
  title         = {On the exploitation of process mining for security audits: The process discovery case},
  journal       = {Proceedings of the ACM Symposium on Applied Computing},
  year          = {2013},
  pages         = {1462-1468},
  doi           = {10.1145/2480362.2480634},
  note          = {cited By 35},
  url           = {https://www.scopus.com/inward/record.uri?eid=2-s2.0-84877936346&doi=10.1145%2f2480362.2480634&partnerID=40&md5=c4418892331308f4177bd578326fcd2b},
  document_type = {Conference Paper},
  source        = {Scopus}
}

@conference{Talamo2013,
  author        = {Talamo, M. and Arcieri, F. and Schunck, C.H. and D'Iddio, A.C.},
  title         = {Conformance checking of electronic business processes to secure distributed transactions},
  journal       = {Proceedings - International Carnahan Conference on Security Technology},
  year          = {2013},
  doi           = {10.1109/CCST.2013.6922056},
  art_number    = {6922056},
  note          = {cited By 8},
  url           = {https://www.scopus.com/inward/record.uri?eid=2-s2.0-84908230322&doi=10.1109%2fCCST.2013.6922056&partnerID=40&md5=b068aaa5d25d4dad5e6f68a4fdff7fb9},
  document_type = {Conference Paper},
  source        = {Scopus}
}

@conference{Mardani2013,
  author        = {Mardani, S. and Shahriari, H.R.},
  title         = {A new method for occupational fraud detection in process aware information systems},
  journal       = {2013 10th International ISC Conference on Information Security and Cryptology, ISCISC 2013},
  year          = {2013},
  doi           = {10.1109/ISCISC.2013.6767348},
  art_number    = {6767348},
  note          = {cited By 7},
  url           = {https://www.scopus.com/inward/record.uri?eid=2-s2.0-84898908398&doi=10.1109%2fISCISC.2013.6767348&partnerID=40&md5=3d41d5a6dddbf6eea4f4cec75c14b280},
  document_type = {Conference Paper},
  source        = {Scopus}
}

@article{Leitner2013719,
  author        = {Leitner, M. and Baumgrass, A. and Schefer-Wenzl, S. and Rinderle-Ma, S. and Strembeck, M.},
  title         = {A case study on the suitability of process mining to produce current-state RBAC models},
  journal       = {Lecture Notes in Business Information Processing},
  year          = {2013},
  volume        = {132 LNBIP},
  pages         = {719-724},
  doi           = {10.1007/978-3-642-36285-9_72},
  note          = {cited By 7},
  url           = {https://www.scopus.com/inward/record.uri?eid=2-s2.0-84873176389&doi=10.1007%2f978-3-642-36285-9_72&partnerID=40&md5=beaffa732401c56481eec6978ef16238},
  document_type = {Conference Paper},
  source        = {Scopus}
}

@misc{Bsi,
  author  = {{Bundesamt für Sicherheit in der Informationstechnik}},
  title   = {Cyber-Sicherheits-Umfrage – Cyber-Risiken \& Schutzmaßnahmen in Unternehmen},
  year    = {2019},
  month   = {Apr},
  day     = {18},
  url     = {https://www.allianz-fuer-cybersicherheit.de/Webs/ACS/DE/Informationen-und-Empfehlungen/Cyber-Sicherheitslage-fuer-die-Wirtschaft/Cyber-Sicherheits-Umfrage/2018/2018\_node.html},
  note    = {Accessed: 2024-07-01},
  address = {Bonn}
}

@booklet{fbi,
  author       = {{Federal Bureau of Investigation}},
  organization = {Federal Bureau of Investigation},
  title        = {Internet Crime Report 2023},
  year         = {2024},
  month        = {Apr},
  day          = {4}
}

@article{Kelemen_2018,
  title   = {Systematic review on process mining and security},
  volume  = {325},
  url     = {https://ejournals.facultas.at/index.php/ocgcp/article/view/1542},
  doi     = {10.24989/ocg.v325.13},
  journal = {Central and Eastern European eDem and eGov Days},
  author  = {Kelemen, Robert},
  year    = {2018},
  month   = {Mar.},
  pages   = {145–164}
}

@book{vanderAalst2016,
  author    = {van der Aalst, Wil},
  publisher = {Springer},
  title     = {Process Mining},
  subtitle  = {Data Science in Action},
  year      = {2016},
  edition   = {2nd},
  isbn      = {978-3-662-49851-4},
  doi       = {10.1007/978-3-662-49851-4}
}

@book{Eckert,
  author    = {Claudia Eckert},
  publisher = {De Gruyter},
  title     = {IT-Sicherheit},
  subtitle  = {Konzepte - Verfahren - Protokolle},
  year      = {2018},
  edition   = {10th},
  isbn      = {978-3-11-055158-7}
}

@book{Dumas20051,
  author            = {Dumas, Marlon and van der Aalst, Wil M. P. and ter Hofstede, Arthur H. M.},
  title             = {Process-Aware Information Systems: Bridging People and Software through Process Technology},
  year              = {2005},
  journal           = {Process-Aware Information Systems: Bridging People and Software through Process Technology},
  pages             = {1 – 409},
  doi               = {10.1002/0471741442},
  url               = {https://www.scopus.com/inward/record.uri?eid=2-s2.0-84889269573&doi=10.1002%2f0471741442&partnerID=40&md5=0446e16ab45524fc72ae9dde951303ec},
  type              = {Book},
  publication_stage = {Final},
  source            = {Scopus},
  note              = {Cited by: 770},
  publisher         = {Elsevier}
}

@article{EU,
  author  = {{European Union}},
  journal = {Official Journal of the European Union},
  number  = {C 326},
  title   = {Charter of Fundamental Rights of the European Union},
  volume  = {55},
  year    = {2012},
  month   = {Oct},
  day     = {26},
  pages   = {391-407},
  doi     = {10.3000/1977091X.C_2012.326.eng},
  type    = {Official Journal},
  issn    = {1977-091X}
}

@manual{ISO,
  author  = {{International Organization for Standardization}},
  title   = {ISO/IEC 27000:2018 Information technology -- Security techniques -- Information security management systems -- Overview and vocabulary},
  year    = {2018},
  month   = {Feb},
  day     = {15},
  address = {Geneva},
  edition = {5th}
}

@article{BRERETON2007571,
  title    = {Lessons from applying the systematic literature review process within the software engineering domain},
  journal  = {Journal of Systems and Software},
  volume   = {80},
  number   = {4},
  pages    = {571-583},
  year     = {2007},
  note     = {Software Performance},
  issn     = {0164-1212},
  doi      = {https://doi.org/10.1016/j.jss.2006.07.009},
  url      = {https://www.sciencedirect.com/science/article/pii/S016412120600197X},
  author   = {Pearl Brereton and Barbara A. Kitchenham and David Budgen and Mark Turner and Mohamed Khalil},
  keywords = {Systematic literature review, Empirical software engineering},
  abstract = {A consequence of the growing number of empirical studies in software engineering is the need to adopt systematic approaches to assessing and aggregating research outcomes in order to provide a balanced and objective summary of research evidence for a particular topic. The paper reports experiences with applying one such approach, the practice of systematic literature review, to the published studies relevant to topics within the software engineering domain. The systematic literature review process is summarised, a number of reviews being undertaken by the authors and others are described and some lessons about the applicability of this practice to software engineering are extracted. The basic systematic literature review process seems appropriate to software engineering and the preparation and validation of a review protocol in advance of a review activity is especially valuable. The paper highlights areas where some adaptation of the process to accommodate the domain-specific characteristics of software engineering is needed as well as areas where improvements to current software engineering infrastructure and practices would enhance its applicability. In particular, infrastructure support provided by software engineering indexing databases is inadequate. Also, the quality of abstracts is poor; it is usually not possible to judge the relevance of a study from a review of the abstract alone.}
}